@article{DynamicProgrammingandMarkovProcesses,
  title={Dynamic Programming and Markov Processes},
  author={Ronald A. Howard},
  journal={},
  year={1960}
}
@article{ReinforcementLearningAnIntroduction,
  title={Reinforcement Learning : An Introduction},
  author={Richard S. Sutton, Andrew G. Barto},
  journal={MIT Press},
  year={1992}
}
@article{ExplorationandExploitation,
  title={Exploration and Exploitation in organization learning},
  author={James G. March},
  journal={Stanford University},
  year={1991}
}
@article{DistributedOptimizationbyAntColonies,
  title={Distributed Optimization by Ant Colonies},
  author={A. Colorni, M. Dorigo et V. Maniezzo},
  journal={},
  year={1990}
}
@article{AlgorithmesDeFourmisArtificiellesApplicationsALaClassificationEtAOptimisation,
  title={Algorithmes De Fourmis Artificielles : Applications à la Classification Et à l'Optimisation},
  author={N. Nonmarché},
  journal={Université de Tours},
  year={2000}
}
@article{NepaliHandwrittenCharacterRecognition,
  title={Off-line Nepali Handwritten Character Recognition Using MLP and RBF Neural Networks},
  author={A. Kumar Pant},
  journal={Tribhuvan University},
  year={2012}
}
@article{TheOrganizationofBehevior,
  title={The Organization of Behavior},
  author={D. Hebb},
  journal={McGill University},
  year={1949}
}